[gd_scene load_steps=8 format=1]

[ext_resource path="res://Scripts/player.gd" type="Script" id=1]
[ext_resource path="res://Assets/png/soloShip.png" type="Texture" id=2]
[ext_resource path="res://Assets/png/BigFire.png" type="Texture" id=3]
[ext_resource path="res://Assets/png/fire.png" type="Texture" id=4]
[ext_resource path="res://Assets/png/LittleFire.png" type="Texture" id=5]

[sub_resource type="ConvexPolygonShape2D" id=1]

custom_solver_bias = 0.0
points = Vector2Array( 0, -40, 40, 30, -40, 30 )

[sub_resource type="ColorRamp" id=2]

offsets = FloatArray( 0, 1 )
colors = ColorArray( 1, 1, 1, 1, 1, 1, 1, 0 )

[node name="player" type="KinematicBody2D"]

transform/pos = Vector2( 640, 360 )
z/z = 1
z/relative = false
input/pickable = true
shapes/0/shape = SubResource( 1 )
shapes/0/transform = Matrix32( -4.37114e-08, 1, -1, -4.37114e-08, 0, 0 )
shapes/0/trigger = false
collision/layers = 1
collision/mask = 1
collision/margin = 0.08
script/script = ExtResource( 1 )

[node name="ship" type="Sprite" parent="."]

transform/scale = Vector2( 0.5, 0.5 )
texture = ExtResource( 2 )

[node name="BigFire" type="Sprite" parent="ship"]

visibility/self_opacity = 0.0
transform/pos = Vector2( 0, 100 )
z/z = -1
texture = ExtResource( 3 )

[node name="smoke" type="Particles2D" parent="ship/BigFire"]

visibility/opacity = 0.2
visibility/self_opacity = 0.2
transform/pos = Vector2( 0, 40 )
transform/rot = 90.0
transform/scale = Vector2( 2, 2 )
z/z = -5
config/amount = 500
config/lifetime = 2.0
config/emitting = false
config/process_mode = 1
config/local_space = false
config/texture = ExtResource( 4 )
params/direction = 270.0
params/spread = 10.0
params/linear_velocity = 49.98
params/spin_velocity = 0.0
params/orbit_velocity = 0.0
params/gravity_direction = 0.0
params/gravity_strength = 0.0
params/radial_accel = 0.0
params/tangential_accel = 0.0
params/damping = 0.0
params/initial_angle = 0.0
params/initial_size = 0.2
params/final_size = 1.19
params/hue_variation = 1.0
params/anim_speed_scale = 1.11
params/anim_initial_pos = 0.0
randomness/final_size = 1.0
randomness/hue_variation = 0.9
randomness/anim_speed_scale = 0.01
color/color_ramp = SubResource( 2 )

[node name="FireBR" type="Sprite" parent="ship"]

visibility/self_opacity = 0.0
transform/pos = Vector2( 85, 96 )
transform/rot = 180.0
z/z = -1
texture = ExtResource( 5 )

[node name="smoke" type="Particles2D" parent="ship/FireBR"]

visibility/opacity = 0.2
visibility/self_opacity = 0.2
transform/pos = Vector2( -1, -16 )
transform/rot = -90.0
transform/scale = Vector2( 2, 2 )
z/z = -5
config/amount = 200
config/lifetime = 1.5
config/emitting = false
config/process_mode = 1
config/local_space = false
config/texture = ExtResource( 4 )
params/direction = 270.0
params/spread = 5.0
params/linear_velocity = 40.0
params/spin_velocity = 0.0
params/orbit_velocity = 0.0
params/gravity_direction = 0.0
params/gravity_strength = 0.0
params/radial_accel = 0.0
params/tangential_accel = 0.0
params/damping = 0.0
params/initial_angle = 0.0
params/initial_size = 0.2
params/final_size = 1.19
params/hue_variation = 1.0
params/anim_speed_scale = 1.11
params/anim_initial_pos = 0.0
randomness/final_size = 1.0
randomness/hue_variation = 0.9
randomness/anim_speed_scale = 0.01
color/color_ramp = SubResource( 2 )

[node name="FireTR" type="Sprite" parent="ship"]

visibility/self_opacity = 0.0
transform/pos = Vector2( 14, -68 )
z/z = -1
texture = ExtResource( 5 )

[node name="smoke" type="Particles2D" parent="ship/FireTR"]

visibility/opacity = 0.2
visibility/self_opacity = 0.2
transform/pos = Vector2( 0, -12 )
transform/rot = 90.0
transform/scale = Vector2( 2, 2 )
z/z = -5
config/amount = 200
config/lifetime = 1.5
config/emitting = false
config/process_mode = 1
config/local_space = false
config/texture = ExtResource( 4 )
params/direction = 90.0
params/spread = 5.0
params/linear_velocity = 40.0
params/spin_velocity = 0.0
params/orbit_velocity = 0.0
params/gravity_direction = 0.0
params/gravity_strength = 0.0
params/radial_accel = 0.0
params/tangential_accel = 0.0
params/damping = 0.0
params/initial_angle = 0.0
params/initial_size = 0.2
params/final_size = 1.19
params/hue_variation = 1.0
params/anim_speed_scale = 1.11
params/anim_initial_pos = 0.0
randomness/final_size = 1.0
randomness/hue_variation = 0.9
randomness/anim_speed_scale = 0.01
color/color_ramp = SubResource( 2 )

[node name="FireR" type="Sprite" parent="ship"]

visibility/self_opacity = 0.0
transform/pos = Vector2( 42, -38 )
transform/rot = -90.0
z/z = -1
texture = ExtResource( 5 )

[node name="smoke" type="Particles2D" parent="ship/FireR"]

visibility/opacity = 0.2
visibility/self_opacity = 0.2
transform/pos = Vector2( 0, -8.00012 )
transform/rot = -180.0
transform/scale = Vector2( 2, 2 )
z/z = -5
config/amount = 200
config/lifetime = 1.5
config/emitting = false
config/process_mode = 1
config/local_space = false
config/texture = ExtResource( 4 )
params/direction = 0.0
params/spread = 5.0
params/linear_velocity = 40.0
params/spin_velocity = 0.0
params/orbit_velocity = 0.0
params/gravity_direction = 0.0
params/gravity_strength = 0.0
params/radial_accel = 0.0
params/tangential_accel = 0.0
params/damping = 0.0
params/initial_angle = 0.0
params/initial_size = 0.2
params/final_size = 1.19
params/hue_variation = 1.0
params/anim_speed_scale = 1.11
params/anim_initial_pos = 0.0
randomness/final_size = 1.0
randomness/hue_variation = 0.9
randomness/anim_speed_scale = 0.01
color/color_ramp = SubResource( 2 )

[node name="FireL" type="Sprite" parent="ship"]

visibility/self_opacity = 0.0
transform/pos = Vector2( -42, -38 )
transform/rot = 90.0
z/z = -1
texture = ExtResource( 5 )

[node name="smoke" type="Particles2D" parent="ship/FireL"]

visibility/opacity = 0.2
visibility/self_opacity = 0.2
transform/pos = Vector2( 3.81438e-07, -4 )
transform/rot = 3.64247e-06
transform/scale = Vector2( 2, 2 )
z/z = -5
config/amount = 200
config/lifetime = 1.5
config/emitting = false
config/process_mode = 1
config/local_space = false
config/texture = ExtResource( 4 )
params/direction = 180.0
params/spread = 5.0
params/linear_velocity = 40.0
params/spin_velocity = 0.0
params/orbit_velocity = 0.0
params/gravity_direction = 0.0
params/gravity_strength = 0.0
params/radial_accel = 0.0
params/tangential_accel = 0.0
params/damping = 0.0
params/initial_angle = 0.0
params/initial_size = 0.2
params/final_size = 1.19
params/hue_variation = 1.0
params/anim_speed_scale = 1.11
params/anim_initial_pos = 0.0
randomness/final_size = 1.0
randomness/hue_variation = 0.9
randomness/anim_speed_scale = 0.01
color/color_ramp = SubResource( 2 )

[node name="FireTL" type="Sprite" parent="ship"]

visibility/self_opacity = 0.0
transform/pos = Vector2( -14, -68 )
z/z = -1
texture = ExtResource( 5 )

[node name="smoke" type="Particles2D" parent="ship/FireTL"]

visibility/opacity = 0.2
visibility/self_opacity = 0.2
transform/pos = Vector2( 0, -12 )
transform/rot = 90.0
transform/scale = Vector2( 2, 2 )
z/z = -5
config/amount = 200
config/lifetime = 1.5
config/emitting = false
config/process_mode = 1
config/local_space = false
config/texture = ExtResource( 4 )
params/direction = 90.0
params/spread = 5.0
params/linear_velocity = 40.0
params/spin_velocity = 0.0
params/orbit_velocity = 0.0
params/gravity_direction = 0.0
params/gravity_strength = 0.0
params/radial_accel = 0.0
params/tangential_accel = 0.0
params/damping = 0.0
params/initial_angle = 0.0
params/initial_size = 0.2
params/final_size = 1.19
params/hue_variation = 1.0
params/anim_speed_scale = 1.11
params/anim_initial_pos = 0.0
randomness/final_size = 1.0
randomness/hue_variation = 0.9
randomness/anim_speed_scale = 0.01
color/color_ramp = SubResource( 2 )

[node name="FireBL" type="Sprite" parent="ship"]

visibility/self_opacity = 0.0
transform/pos = Vector2( -85, 96 )
transform/rot = 180.0
z/z = -1
texture = ExtResource( 5 )

[node name="smoke" type="Particles2D" parent="ship/FireBL"]

visibility/opacity = 0.2
visibility/self_opacity = 0.2
transform/pos = Vector2( -1, -18 )
transform/rot = -90.0
transform/scale = Vector2( 2, 2 )
z/z = -5
config/amount = 200
config/lifetime = 1.5
config/emitting = false
config/process_mode = 1
config/local_space = false
config/texture = ExtResource( 4 )
params/direction = 270.0
params/spread = 5.0
params/linear_velocity = 40.0
params/spin_velocity = 0.0
params/orbit_velocity = 0.0
params/gravity_direction = 0.0
params/gravity_strength = 0.0
params/radial_accel = 0.0
params/tangential_accel = 0.0
params/damping = 0.0
params/initial_angle = 0.0
params/initial_size = 0.2
params/final_size = 1.19
params/hue_variation = 1.0
params/anim_speed_scale = 1.11
params/anim_initial_pos = 0.0
randomness/final_size = 1.0
randomness/hue_variation = 0.9
randomness/anim_speed_scale = 0.01
color/color_ramp = SubResource( 2 )

[node name="Camera2D" type="Camera2D" parent="."]

anchor_mode = 1
rotating = false
current = true
zoom = Vector2( 1, 1 )
limit/left = -10000000
limit/top = -10000000
limit/right = 10000000
limit/bottom = 10000000
drag_margin/h_enabled = true
drag_margin/v_enabled = true
smoothing/enable = false
smoothing/speed = 10.0
drag_margin/left = 0.2
drag_margin/top = 0.2
drag_margin/right = 0.2
drag_margin/bottom = 0.2
__meta__ = {
"_edit_lock_": true
}


